@article{Test1,
    author = {An Author},
    title = {Nice title},
    journaltitle = {The Journal of Nonsense},
    date = {2012},
    volume = {1},
    number = {13},
    pages = {13-23},
}

@book{Test2,
    author = {Big Bethor},
    title = {Some random Book},
    date = {1999},
    publisher = {Oneandonly Publishing},
    location = {Earth},
    pages = {18-22},
}

@inbook{Test3,
    author = {Crazy Cethor and Dumb Dethor},
    title = {Any weird title},
    booktitle = {The book of stuff},
    date = {1857},
    editor = {Edwin Editor},
    publisher = {Crazy Publishers},
    location = {The Universe},
    pages = {899-947},
}
@inproceedings{Test4,
    author = {Frank Fauthor and Gary Gethor},
    editor = {Oscar Odithor},
    title = {My Research},
    booktitle = {The Conference of Research},
    date = {2030},
    venue = {Vaduz, Liechtenstein},
    pages = {255-256},
}
